@article{toderici2016full,
  title={Full resolution image compression with recurrent neural networks},
  author={Toderici, George and Vincent, Damien and Johnston, Nick and Hwang, Sung Jin and Minnen, David and Shor, Joel and Covell, Michele},
  journal={arXiv preprint},
  year={2016}
}